@book{book_key,
	address = {City},
	publisher = {Publisher},
	author = {Smith, John},
	title = {Book title},
	year = {2012},
	volume = {3},
	series = {2},
	edition = {1},
	pages = {123--200},
	month = {January}
}

@article{article_key,
	address = {City},
	publisher = {Publisher},
	author = {Smith, James},
	title = {Article title},
	year = {2013},
	volume = {14},
	number = {6},
	pages = {1--8},
	month = {March}
}


@Misc{on:scratch2018,
	keywords 	 = {site},
	author       = {MIT Media Lab},
	title        = {Acerca do Scratch},
	howpublished = {\url{https://scratch.mit.edu/about}},
	year         = {2018},
	note         = {[Online; acessado em 13 de Fevereiro de 2008]}
}



@Article{resnick2009scratch,
	author    = {Resnick, Mitchel and Maloney, John and Monroy-Hern{\'a}ndez, Andr{\'e}s and Rusk, Natalie and Eastmond, Evelyn and Brennan, Karen and Millner, Amon and Rosenbaum, Eric and Silver, Jay and Silverman, Brian and others},
	title     = {Scratch: programming for all},
	journal   = {Communications of the ACM},
	year      = {2009},
	volume    = {52},
	number    = {11},
	pages     = {60--67},
	publisher = {ACM}
}


@article{bastos2010schatch,
	title={Schatch, Arduino e o Construcionismo: Ferramentas para a educa{\c{c}}{\~a}o},
	author={Bastos, Bruno Leal and Borges, Marcos and D'Abreu, Jo{\~a}o},
	journal={Semin{\'a}rio de Tecnologia Educacional de Arauc{\'a}ria},
	year={2010}
}


@InProceedings{klopfer2004programming,
	Keywords	= {others},
	author       = {Klopfer, Eric and Resnick, Mitchel and Maloney, John and Silverman, Brian and diSessa, Andrea and Begel, Andrew and Hancock, Chris},
	title        = {Programming revisited: the educational value of computer programming},
	booktitle    = {Proceedings of the 6th international Conference on Learning Sciences},
	year         = {2004},
	pages        = {16--18},
	organization = {International Society of the Learning Sciences}
}


@PhdThesis{marques2009recuperar,
	Keywords	= {others},
	author 		= {Marques, Maria Teresa Pinheiro Martinho},
	title 		= {Recuperar o engenho a partir da necessidade, com recurso {\`a}s tecnologias educativas: contributo do ambiente gr{\'a}fico de programa{\c{c}}{\~a}o Scratch em contexto formal de aprendizagem},
	school		= {Universidade de Lisboa},
	year   		= {2009}
}


@book{marji2014aprenda,
	title={Aprenda a programar com Scratch: uma introdu{\c{c}}{\~a}o visual {\`a} programa{\c{c}}{\~a}o com jogos, arte, ci{\^e}ncia e matem{\'a}tica},
	author={Marji, Majed},
	year={2014},
	howpublished = {\url{https://novatec.com.br/livros/aprenda-programar-com-scratch/}},	
	publisher={Novatec Editora}
}

@Misc{apensarem2018,
	keywords 	 = {video},
	author       = {A Pensar Em..., Youtube},
	title        = {A Pensar em... \textit{Scratch} (Tutorial em Portugu{\^e}s)},
	howpublished = {\url{https://www.youtube.com/watch?v=ZqJXox8yBKI&list=PLd-QtXnha0KeRTN9fGnWO9PazIkb5YiV6}},
	year         = {2018},
	note         = {[Online; acessado em 10 de Junho de 2008]}
}

@Misc{ilustradicas2018,
	keywords 	 = {video},
	author       = {Tabajara, Ilustradicas Raul},
	title        = {\textit{SCRATCH}: Criando um jogo do zero!},
	howpublished = {\url{https://www.youtube.com/watch?v=poLuoL4nVCE&list=PLEBItwMFnoURT_Wq1lqpLzdWLRvTwfmro}},
	year         = {2018},
	note         = {[Online; acessado em 10 de Junho de 2008]}
}

@Misc{cursocompleto2018,
	keywords 	 = {video},
	author       = {Batista, Esteice Jana{\'i}na Santos},
	title        = {Curso completo de \textit{Scratch}},
	howpublished = {\url{https://www.youtube.com/watch?v=z6I9Xb7XzCc&list=PLUPv_UuNBuX-KUoluUdV1F9xa8ctZCT_f}},
	year         = {2018},
	note         = {[Online; acessado em 10 de Junho de 2008]}
}

@Misc{cursoexcel2018,
	keywords 	 = {video},
	author       = {Curso de Excel Online, Youtube},
	title        = {Curso de \textit{Scratch} - Programa{\c{c}}{\~a}o e L{\'o}gica para Kids e Professores},
	howpublished = {\url{https://www.youtube.com/watch?v=b0LWjZoU_dA&list=PLUA91x6QVggBDCGdzaeauvqv41aZsEBZN}},
	year         = {2018},
	note         = {[Online; acessado em 10 de Junho de 2008]}
}

@Misc{cursoexcel2018,
	keywords 	 = {video},
	author       = {Curso de Excel Online, Youtube},
	title        = {Curso de \textit{Scratch} - Programa{\c{c}}{\~a}o e L{\'o}gica para Kids e Professores},
	howpublished = {\url{https://www.youtube.com/watch?v=b0LWjZoU_dA&list=PLUA91x6QVggBDCGdzaeauvqv41aZsEBZN}},
	year         = {2018},
	note         = {[Online; acessado em 10 de Junho de 2008]}
}


@Misc{blank2018,
	keywords 	 = {video},
	author       = {Blank Editor, Youtube},
	title        = {Scratch Programming},
	howpublished = {\url{https://www.youtube.com/watch?v=oRBfjK-qeXE&list=PL0-84-yl1fUkall6a14nqzXpG79-RgI1F}},
	year         = {2018},
	note         = {[Online; acessado em 10 de Junho de 2008]}
}

@Misc{liag2018,
	keywords 	 = {site},
	author       = {LIAG},
	title        = {Raciocinando E<>! Blocos},
	howpublished = {\url{https://www.ft.unicamp.br/liag/scratch/category/downloadstutoriais/}},
	year         = {2018},
	note         = {[Online; acessado em 10 de Junho de 2008]}
}

@Misc{scratchbrasil2018,
	keywords 	 = {site},
	author       = {\textit{Scratch} Brasil},
	title        = {Materiais em Destaque},
	howpublished = {\url{https://www.ft.unicamp.br/liag/scratch/category/downloadstutoriais/}},
	year         = {2018},
	note         = {[Online; acessado em 10 de Junho de 2008]}
}

@Misc{eduscratch2018,
	keywords 	 = {site},
	author       = {EduScratch},
	title        = {Artigos sobre o Scratch...},
	howpublished = {\url{http://projectos.ese.ips.pt/eduscratch/index.php/36-uncategorised/110-artigos-sobre-o-scratch}},
	year         = {2018},
	note         = {[Online; acessado em 10 de Junho de 2008]}
}

