% Encoding: UTF-8
% Banco de artigos para a disserta��o de mestrado
%Jogos e Scratch
@article{de2015aumento,
	title={O aumento do engajamento no aprendizado atrav{\'e}s da gamifica{\c{c}}{\~a}o do ensino},
	author={de Almeida, Rafael Gomes},
	journal={Semin{\'a}rio M{\'\i}dias \& Educa{\c{c}}{\~a}o},
	number={1},
	year={2015}
}

@article{mendes2012programaccao,
	title={Programa{\c{c}}{\~a}o no Ensino M{\'e}dio: Uma Abordagem de Ensino Orientado ao Design com Scratch},
	author={Mendes, JP and SCAICO, PD and LIMA, AA and DA SILVA, JBB and AZEVEDO, S and PAIVA, LF and RAPOSO, EHS and ALENCAR, Y},
	journal={Anais do XVIII WIE Rio de Janeiro},
	volume={26},
	year={2012}
}

@article{ribeiro13teorias,
	title={Teorias de Aprendizagem em Jogos Digitais Educacionais: um Panorama Brasileiro},
	author={Ribeiro, Rafael Jo{\~a}o and Junior, Nelson Silva and Frasson, Antonio Carlos and Pilatti, Luiz Alberto and da Silva, Sani de Carvalho Rutz},
	journal={RENOTE},
	volume={13},
	number={1}
}

@article{bastos2010schatch,
	title={Schatch, Arduino e o Construcionismo: Ferramentas para a educa{\c{c}}{\~a}o},
	author={Bastos, Bruno Leal and Borges, Marcos and D'Abreu, Jo{\~a}o},
	journal={Semin{\'a}rio de Tecnologia Educacional de Arauc{\'a}ria},
	year={2010}
}

@phdthesis{martins2012usando,
	title={Usando o Scratch para potencializar o pensamento criativo em crian{\c{c}}as do Ensino Fundamental. 2012. 114p},
	author={MARTINS, AR de Q},
	year={2012},
	school={Disserta{\c{c}}{\~a}o (Mestrado em Educa{\c{c}}{\~a}o)--Universidade de Passo Fundo, Passo Fundo}
}

@article{lima2015criaccao,
	title={Cria{\c{c}}{\~a}o, constru{\c{c}}{\~a}o, uso e an{\'a}lise de um jogo digital voltado ao ensino de circuitos el{\'e}tricos},
	author={Lima, Caio Graco Medeiros de and others},
	year={2015},
	publisher={Insitituto Federal de Educa{\c{c}}{\~a}o, Ci{\^e}ncia e Tecnologia do Rio Grande do Norte}
}

@phdthesis{de2011problemas,
	title={Problemas e curvas de persegui{\c{c}}{\~a}o no ensino m{\'e}dio},
	author={de Oliveira Jr, Reynaldo L},
	year={2011},
	school={Universidade Federal do Rio de Janeiro. Rio de Janeiro}
}

@article{molinagamelabs,
	title={Gamelabs e aprendizagem: Considera{\c{c}}{\~o}es epistemol{\'o}gicas sobre o ambiente de autoria Scratch na educa{\c{c}}{\~a}o},
	author={Molina, {\^A}ngelo Costa Marcelo and Col{\'e}gio, JK}
}

@article{ventorini2014software,
	title={O software scratch: uma contribui{\c{c}}{\~a}o para o ensino e a aprendizagem da matem{\'a}tica},
	author={Ventorini, Andr{\'e} Eduardo and Fioreze, Leandra Anversa},
	journal={Escola de Inverso de Educa{\c{c}}{\~a}o matem{\'a}tica},
	year={2014}
}

@article{studart2015simulaccao,
	title={Simula{\c{c}}{\~a}o, games e gamifica{\c{c}}{\~a}o no ensino de F{\'\i}sica},
	author={Studart, Nelson},
	journal={XXI Simp{\'o}sio Nacional de Ensino de F{\'\i}sica. Uberl{\^a}ncia, MG:[sn]},
	year={2015}
}

@article{deutilizaccao,
	title={UTILIZA{\c{C}}{\~A}O DE UM HARDWARE EMBARCADO (RASPBERRY PI) USANDO PROGRAMA{\c{C}}{\~A}O EM BLOCOS (SCRATCH) PARA ENSINO DE F{\'I}SICA EM ESCOLAS SECUND{\'A}RIAS E UNIVERSIDADES},
	author={de Souza, Marco Antonio Furlan and Denis, Everson and Fernandes, Jo{\~a}o Carlos Lopes}
}

@book{marji2014aprenda,
  title={Aprenda a programar com Scratch: uma introdu{\c{c}}{\~a}o visual {\`a} programa{\c{c}}{\~a}o com jogos, arte, ci{\^e}ncia e matem{\'a}tica},
  author={Marji, Majed},
  year={2014},
  publisher={Novatec Editora}
}

%Part�culas Elementares

@article{ostermann1999fisica,
  title={F{\'\i}sica Moderna e Contempor{\^a}nea no ensino m{\'e}dio: elabora{\c{c}}{\~a}o de material did{\'a}tico, em forma de p{\^o}ster, sobre part{\'\i}culas elementares e intera{\c{c}}{\~o}es fundamentais},
  author={Ostermann, Fernanda and Cavalcanti, Claudio Jose de Holanda},
  journal={Caderno catarinense de ensino de f{\'\i}sica. Florian{\'o}polis. Vol. 16, n. 3 (dez. 1999), p. 267-286},
  year={1999}
}

@article{ostermann2000revisao,
  title={Uma revis{\~a}o bibliogr{\'a}fica sobre a {\'a}rea de pesquisa" F{\'\i}sica Moderna e Contempor{\^a}nea no Ensino M{\'e}dio"},
  author={Ostermann, Fernanda and Moreira, Marco Antonio},
  journal={Investiga{\c{c}}{\~o}es em ensino de ci{\^e}ncias. Porto Alegre. Vol. 5, n. 1 (jan./abr. 2000), p. 23-48},
  year={2000}
}

@article{siqueira2006transposiccao,
  title={A Transposi{\c{c}}{\~a}o Did{\'a}tica aplicada a teoria contempor{\^a}nea: A F{\'\i}sica de Part{\'\i}culas elementares no Ensino M{\'e}dio},
  author={Siqueira, Maxwell and Pietrocola, Maur{\'\i}cio},
  journal={X Encontro de Pesquisa em Ensino de F{\'\i}sica, Londrina},
  year={2006}
}

@article{ostermann1999texto,
  title={Um texto para professores do ensino m{\'e}dio sobre part{\'\i}culas elementares},
  author={Ostermann, Fernanda},
  journal={Revista brasileira de ensino de f{\'\i}sica. S{\~a}o Paulo. Vol. 21, n. 3 (set. 1999), p. 415-436},
  year={1999}
}

@article{ostermann2001atualizaccao,
  title={Atualiza{\c{c}}{\~a}o do curr{\'\i}culo de F{\'\i}sica na escola de n{\'\i}vel m{\'e}dio: um estudo desta problem{\'a}tica na perspectiva de uma experi{\^e}ncia em sala de aula e da forma{\c{c}}{\~a}o inicial de professores},
  author={Ostermann, Fernanda and Moreira, Marco Antonio},
  journal={Caderno catarinense de ensino de f{\'\i}sica. Florian{\'o}polis. Vol. 18, n. 2 (ago. 2001), p. 135-151},
  year={2001}
}

@article{ostermann2001poster,
  title={Um p{\^o}ster para ensinar F{\'\i}sica de Part{\'\i}culas na escola},
  author={Ostermann, Fernanda and Cavalcanti, Claudio Jose de Holanda},
  journal={F{\'\i}sica na escola. S{\~a}o Paulo. Vol. 2, n. 1 (maio 2001), p. 13-18},
  year={2001}
}

@article{pinheiro2009relato,
  title={Relato sobre a implementa{\c{c}}{\~a}o de uma  de aprendizagem sobre part{\'\i}culas elementares e intera{\c{c}}{\~o}es fundamentais no ensino m{\'e}dio},
  author={Pinheiro, Lisiane Araujo and Costa, SSC},
  journal={Experi{\^e}ncias em Ensino de Ci{\^e}ncias},
  volume={4},
  number={3},
  pages={101--116},
  year={2009}
}

@article{maia2011abordagem,
  title={Uma Abordagem do modelo padr{\~a}o da f{\'\i}sica de part{\'\i}culas acess{\'\i}vel a alunos do ensino m{\'e}dio},
  author={Maia, Marcilon Chaves},
  year={2011}
}

@article{pinheiro2009projetando,
  title={Projetando o ensino de Part{\'\i}culas elementares e Intera{\c{c}}{\~o}es Fundamentais no Ensino M{\'e}dio},
  author={Pinheiro, Lisiane Araujo and Costa, SSC and Moreira, Marco Antonio},
  journal={XVIII Simp{\'o}sio Nacional de ensino de F{\'\i}sica--SNEF},
  year={2009}
}

@article{moreira2004particulas,
  title={Part{\'\i}culas e intera{\c{c}}{\~o}es},
  author={Moreira, Marco Antonio},
  journal={F{\'\i}sica na escola. S{\~a}o Paulo. Vol. 5, n. 2 (out. 2004), p. 10-14},
  year={2004}
}

@Article{resnick2009scratch,
  author    = {Resnick, Mitchel and Maloney, John and Monroy-Hern{\'a}ndez, Andr{\'e}s and Rusk, Natalie and Eastmond, Evelyn and Brennan, Karen and Millner, Amon and Rosenbaum, Eric and Silver, Jay and Silverman, Brian and others},
  title     = {Scratch: programming for all},
  journal   = {Communications of the ACM},
  year      = {2009},
  volume    = {52},
  number    = {11},
  pages     = {60--67},
  publisher = {ACM},
}

@Article{resnick2008sowing,
  author    = {Resnick, Mitchel},
  title     = {Sowing the seeds for a more creative society.},
  journal   = {Learning \& Leading with Technology},
  year      = {2008},
  volume    = {35},
  number    = {4},
  pages     = {18--22},
  publisher = {ERIC},
}

@Misc{on:scratch2018,
  author       = {MIT Media Lab},
  title        = {Acerca do Scratch},
  howpublished = {\url{https://scratch.mit.edu/about}},
  year         = {2018},
  note         = {[Online; acessado em 13 de Fevereiro de 2008]},
}

@Misc{onwikiscratch,
  author       = {Wikip{\'e}dia},
  title        = {Role-playing game},
  howpublished = {\url{https://pt.wikipedia.org/wiki/Role-playing_game}},
  year         = {2018},
  note         = {[Online; acessado em 13 de Fevereiro de 2008]},
}

@Misc{onwikiquiz,
  author       = {Wikip{\'e}dia},
  title        = {Quiz},
  howpublished = {\url{https://pt.wikipedia.org/wiki/Quiz}},
  year         = {2018},
  note         = {[Online; acessado em 15 de Fevereiro de 2008]},
}

@Misc{onscratch2018,
  author       = {MIT Media Lab},
  title        = {Acerca do Scratch},
  howpublished = {\url{https://scratch.mit.edu/about}},
  year         = {2018},
  note         = {[Online; acessado em 13 de Fevereiro de 2008]},
}

@Article{o2013new,
  author  = {O'Luanaigh, Cian},
  title   = {New results indicate that new particle is a Higgs boson},
  journal = {CERN-http://home. cern/about/updates/2013/03/new-results-indicate-new-particle-higgs-boson (acessado em 15/02/2018)},
  year    = {2013},
}

@PhdThesis{marques2009recuperar,
  author = {Marques, Maria Teresa Pinheiro Martinho},
  title  = {Recuperar o engenho a partir da necessidade, com recurso {\`a}s tecnologias educativas: contributo do ambiente gr{\'a}fico de programa{\c{c}}{\~a}o Scratch em contexto formal de aprendizagem},
  school = {Universidade de Lisboa},
  year   = {2009},
}

@InProceedings{klopfer2004programming,
  author       = {Klopfer, Eric and Resnick, Mitchel and Maloney, John and Silverman, Brian and diSessa, Andrea and Begel, Andrew and Hancock, Chris},
  title        = {Programming revisited: the educational value of computer programming},
  booktitle    = {Proceedings of the 6th international Conference on Learning Sciences},
  year         = {2004},
  pages        = {16--18},
  organization = {International Society of the Learning Sciences},
}

@Misc{Lab,
  author       = {MIT Media Lab},
  title        = {Acerca do Scratch},
  howpublished = {\url{https://scratch.mit.edu/about}},
}

@Misc{Wikipedia,
  author       = {Wikip{\'e}dia},
  title        = {Role-playing game},
  howpublished = {\url{https://pt.wikipedia.org/wiki/Role-playing_game}},
}

@Misc{Wikipediaa,
  author       = {Wikip{\'e}dia},
  title        = {Quiz},
  howpublished = {\url{https://pt.wikipedia.org/wiki/Quiz}},
}

@Article{OLuanaigh2013,
  author  = {O'Luanaigh, Cian},
  title   = {New results indicate that new particle is a Higgs boson},
  journal = {CERN-http://home. cern/about/updates/2013/03/new-results-indicate-new-particle-higgs-boson (acessado em 15/02/2018)},
  year    = {2013},
}

@article{moreira2011unidades,
	title={Unidades de ense{\~n}anza potencialmente significativas--UEPS},
	author={Moreira, Marco Antonio},
	journal={Aprendizagem Significativa em Revista},
	volume={1},
	number={2},
	pages={43},
	year={2011}
}

@article{heidemann2010ferramentas,
	title={Ferramentas online no ensino de ci{\^e}ncias: uma proposta com o Google Docs},
	author={Heidemann, Leonardo Albuquerque and Oliveira, {\^A}ngelo Mozart Medeiros de and Veit, Eliane Angela},
	journal={F{\'\i}sica na escola. S{\~a}o Paulo. Vol. 11, n. 2,(out. 2010), p. 30-33},
	year={2010}
}

@misc{onwikiencurtador,
	author = {Wikip{\'e}dia},
	title = {Encurtador de URL},
	howpublished = "\url{https://pt.wikipedia.org/wiki/Encurtamento_de_URL}",
	year = {2018}, 
	note = "[Online; acessado em 06 de Mar�o de 2018]"
}

@inproceedings{odorico2012analise,
	title={An{\'a}lise do n{\~a}o uso do laborat{\'o}rio de inform{\'a}tica nas escolas p{\'u}blicas e estudo de caso},
	author={Odorico, Elizandra K and Nunes, Denilson M and Moreira, Alex and de Oliveira, Helen MP and Cardoso, Andr{\'e}a},
	booktitle={Anais do Workshop de Inform{\'a}tica na Escola},
	volume={1},
	number={1},
	year={2012}
}

@article{moreira2012mapas,
	title={Mapas conceituais e aprendizagem significativa (concept maps and meaningful learning)},
	author={Moreira, Marco Antonio},
	journal={Aprendizagem significativa, organizadores pr{\'e}vios, mapas conceituais, digramas V e Unidades de ensino potencialmente significativas},
	pages={41},
	year={2012}
}

@article{moreira1999teoria,
	title={A teoria de Ausubel},
	author={MOREIRA, Marco A},
	journal={Aprendizagem Significativa. Editora UnB},
	year={1999}
}

@book{gowin1981educating,
	title={Educating},
	author={Gowin, D Bob},
	year={1981},
	publisher={Cornell University Press}
}

@Article{Moreira2011,
  author  = {Moreira, Marco Antonio},
  title   = {Unidades de ense{\~n}anza potencialmente significativas--UEPS},
  journal = {Aprendizagem Significativa em Revista},
  year    = {2011},
  volume  = {1},
  number  = {2},
  pages   = {43},
}

@article{prensky2012aprendizagem,
	title={Aprendizagem baseada em jogos digitais},
	author={Prensky, Marc},
	journal={S{\~a}o Paulo: SENAC},
	pages={575},
	year={2012}
}

@misc{mattar2010games,
	title={Games em educa{\c{c}}{\~a}o: como os nativos digitais aprendem},
	author={Mattar, Jo{\~a}o},
	year={2010},
	publisher={S{\~a}o Paulo: Pearson Prentice Hall}
}

@book{zichermann2011gamification,
	title={Gamification by design: Implementing game mechanics in web and mobile apps},
	author={Zichermann, Gabe and Cunningham, Christopher},
	year={2011},
	publisher={Pimenta Cultural}
}

@article{vianna2013gamification,
	title={Gamification, Inc: como reinventar empresas a partir de jogos},
	author={Vianna, Ysmar and Vianna, Maur{\'\i}cio and Medina, Bruno and Tanaka, Samara},
	journal={Rio de Janeiro: MJV},
	year={2013}
}

@book{gamificacaoeducacao2014,
	title={Gamifica{\c{c}}{\~a}o na Educa{\c{c}}{\~a}o},
	author={Fadel, Luciane Maria and Ulbricht, Vania Ribas and Batista, Claudia Regina and  Vanzin, Tarc�sio},
	year={2014},
	publisher={Pimenta Cultural}
}

@inproceedings{li2012gamicad,
	title={GamiCAD: a gamified tutorial system for first time autocad users},
	author={Li, Wei and Grossman, Tovi and Fitzmaurice, George},
	booktitle={Proceedings of the 25th annual ACM symposium on User interface software and technology},
	pages={103--112},
	year={2012},
	organization={ACM}
}

@Article{Ostermann2000,
  author  = {Ostermann, Fernanda and Moreira, Marco Antonio},
  title   = {Uma revis{\~a}o bibliogr{\'a}fica sobre a {\'a}rea de pesquisa" F{\'\i}sica Moderna e Contempor{\^a}nea no Ensino M{\'e}dio"},
  journal = {Investiga{\c{c}}{\~o}es em ensino de ci{\^e}ncias. Porto Alegre. Vol. 5, n. 1 (jan./abr. 2000), p. 23-48},
  year    = {2000},
}

@article{pereira2009ensino,
	title={Sobre o ensino de F{\'\i}sica Moderna e Contempor{\^a}nea: uma revis{\~a}o da produ{\c{c}}{\~a}o acad{\^e}mica recente},
	author={Pereira, Alexsandro Pereira de and Ostermann, Fernanda},
	journal={Investiga{\c{c}}{\~o}es em ensino de ci{\^e}ncias. Porto Alegre. Vol. 14, n. 3 (dez. 2009), p. 393-420},
	year={2009}
}

@article{johansson2001astronomy,
	title={Astronomy and particle physics research classes for secondary school students},
	author={Johansson, KE and Nilsson, Ch and Engstedt, J and Sandqvist, Aa},
	journal={American Journal of Physics},
	volume={69},
	pages={576--581},
	year={2001}
}

@article{dunne2001looking,
	title={Looking for consistency in the construction and use of Feynman diagrams},
	author={Dunne, Peter},
	journal={Physics Education},
	volume={36},
	number={5},
	pages={366},
	year={2001},
	publisher={IOP Publishing}
}

@article{dunne2002reappraisal,
	title={A reappraisal of the mechanism of pion exchange and its implications for the teaching of particle physics},
	author={Dunne, Peter},
	journal={Physics education},
	volume={37},
	number={3},
	pages={211},
	year={2002},
	publisher={IOP Publishing}
}

@article{williams2005antimatter,
	title={Antimatter and 20th century science},
	author={Williams, Gary},
	journal={Physics education},
	volume={40},
	number={3},
	pages={238},
	year={2005},
	publisher={IOP Publishing}
}

@article{daniel2006particles,
	title={Particles, Feynman diagrams and all that},
	author={Daniel, Michael},
	journal={Physics education},
	volume={41},
	number={2},
	pages={119},
	year={2006},
	publisher={IOP Publishing}
}

@Article{Ostermann2001,
  author  = {Ostermann, Fernanda and Cavalcanti, Claudio Jose de Holanda},
  title   = {Um p{\^o}ster para ensinar F{\'\i}sica de Part{\'\i}culas na escola},
  journal = {F{\'\i}sica na escola. S{\~a}o Paulo. Vol. 2, n. 1 (maio 2001), p. 13-18},
  year    = {2001},
}

@article{pascolini2002feynman,
	title={Feynman diagrams as metaphors: borrowing the particle physicist's imagery for science communication purposes},
	author={Pascolini, A and Pietroni, M},
	journal={Physics education},
	volume={37},
	number={4},
	pages={324},
	year={2002},
	publisher={IOP Publishing}
}

@article{scott20043,
	title={3-D spreadsheet simulation of a modern particle detector},
	author={Scott, Alan J},
	journal={Physics education},
	volume={39},
	number={1},
	pages={91},
	year={2004},
	publisher={IOP Publishing}
}

@article{van2006teaching,
	title={Teaching conservation laws, symmetries and elementary particles with fast feedback},
	author={Van Den Berg, Ed and Hoekzema, Dick},
	journal={Physics education},
	volume={41},
	number={1},
	pages={47},
	year={2006},
	publisher={IOP Publishing}
}

@article{nascimento20jogos,
	title={Jogos Educacionais: revis{\~a}o bibliogr{\'a}fica com base em trabalhos publicados no CINTED},
	author={Nascimento, Karlise Soares and da Silva Stamberg, Cristiane and Lemke, Cl{\'a}udia Eizandra},
	journal={Inform{\'a}tica na educa{\c{c}}{\~a}o: teoria \& pr{\'a}tica},
	volume={20},
	number={3 set/nov},
	year={2017}
}

@article{ausubel1978educational,
	title={Educational psychology: A cognitive view},
	author={Ausubel, David Paul and Novak, Joseph Donald and Hanesian, Helen and others},
	year={1978},
	publisher={Holt, Rinehart and Winston New York}
}

@article{siqueira2005revisando,
	title={Revisando materiais em ensino m{\'e}dio sobre o tema f{\'\i}sica de part{\'\i}culas elementares},
	author={Siqueira, M and Pietrocola, M},
	journal={V ENPEC-Encontro Nacional de Pesquisa em Ensino em Ci{\^e}ncias, Bauru},
	year={2005}
}

@article{correia2016revisao,
	title={REVIS{\~A}O BIBLIOGR{\'A}FICA SOBRE A APLICABILIDADE EDUCATIVA E INSTITUCIONAL DOS JOGOS DIGITAIS.},
	author={Correia, Talissa Macedo and Alves, Marcio Fabiano Camargo and Correia, Thais Da Hara Macedo},
	journal={Redin-Revista Educacional Interdisciplinar},
	volume={5},
	number={1},
	year={2016}
}

@article{terrazzan1992inserccao,
	title={A inser{\c{c}}{\~a}o da f{\'\i}sica moderna e contempor{\^a}nea no ensino de f{\'\i}sica na escola de 2{\textordmasculine} grau},
	author={Terrazzan, Eduardo Adolfo},
	journal={Caderno Brasileiro de Ensino de F{\'\i}sica},
	volume={9},
	number={3},
	pages={209--214},
	year={1992},
	publisher={Universidade Federal de Santa Catarina (UFSC)}
}

@Article{Siqueira2005,
  author  = {Siqueira, M and Pietrocola, M},
  title   = {Revisando materiais em ensino m{\'e}dio sobre o tema f{\'\i}sica de part{\'\i}culas elementares},
  journal = {V ENPEC-Encontro Nacional de Pesquisa em Ensino em Ci{\^e}ncias, Bauru},
  year    = {2005},
}

@misc{medio1999brasilia,
	title={Bras{\'\i}lia: SEMTEC},
	author={M{\'e}dio, MEC PCN Ensino},
	year={1999},
	publisher={MEC}
}

@misc{medio2017brasilia,
	title={BNCC Ensino M�dio},
	author={BNCC, MEC},
	year={2017},
	publisher={MEC}
}

@article{mozena2016base,
	title={Sobre a Base Nacional Comum Curricular (BNCC) e o Ensino de F{\'\i}sica},
	author={Mozena, Erika Regina and Ostermann, Fernanda},
	journal={Caderno Brasileiro de Ensino de F{\'\i}sica},
	volume={33},
	number={2},
	pages={327--332},
	year={2016}
}

http://portal.mec.gov.br/


@misc{pnldportalmec2018,
	author = {Portal MEC},
	title = {PNLD},
	howpublished = "\url{http://portal.mec.gov.br/index.php?option=com_content&view=article&id=12391&}",
	year = {2018}, 
	note = "[Online; acessado em 28 de Abril de 2018]"
}

@article{brasil2011lei,
	title={Lei 9394/96--Lei de Diretrizes e Bases da Educa{\c{c}}{\~a}o Nacional. Dispon{\'\i}vel em< www. planalto. gov. br>},
	author={Brasil, LDB},
	journal={Acesso em 05 de maio de 208},
	volume={12},
	year={2018}
}

@book{marconi2003fundamentos,
	title={Fundamentos de metodologia cient{\'\i}fica},
	author={Marconi, Marina de Andrade and Lakatos, Eva Maria},
	year={2003},
	publisher={5. ed.-S{\~a}o Paulo: Atlas}
}

@Book{yamamoto2013fisica,
  title   = {F{\'\i}sica para o ensino m{\'e}dio},
  year    = {2016},
  author  = {Yamamoto, Kazuhito and Fuke, Luiz Felipe},
  volume  = {3},
  journal = {S{\~a}o Paulo: Saraiva},
}

@Book{xavier2010fisica,
  title   = {F{\'\i}sica aula por aula},
  year    = {2016},
  author  = {Xavier, Claudio and Barreto, Benigno},
  volume  = {3},
  journal = {S{\~a}o Paulo: FTD},
}

@Book{stefanovits2013ser,
  title   = {Ser protagonista: F{\'\i}sica},
  year    = {2016},
  author  = {Stefanovits, Angelo},
  volume  = {3},
  journal = {3{\textordmasculine} ano: ensino m{\'e}dio},
}

@Book{pietrocola2011fisica,
  title   = {F{\'\i}sica em contextos},
  year    = {2016},
  author  = {Pietrocola, Maur{\'\i}cio and Pogibin, Alexander and Andrade, R de and Romero, Talita Raquel},
  volume  = {3},
  journal = {S{\~a}o Paulo: FTD},
}

@Book{sant2010conexoes,
  title   = {Conex{\~o}es com a F{\'\i}sica},
  year    = {2016},
  author  = {Sant'Anna, Blaidi and MARTINI, Gl{\'o}ria and REIS, Hugo Carneiro and SPINELLI, Walter},
  volume  = {3},
  journal = {S{\~a}o Paulo: Moderna},
}

@Book{penteado2005fisica,
  title   = {F{\'\i}sica: ci{\^e}ncia e tecnologia},
  year    = {2016},
  author  = {Penteado, Paulo C{\'e}sar M and Torres, Carlos Magno A},
  volume  = {3},
  journal = {S{\~a}o Paulo: Moderna},
}

@Book{maximo2011fisica,
  title   = {F{\'\i}sica: contexto e aplica{\c{c}}{\~o}es},
  year    = {2016},
  author  = {M{\'a}ximo, Antonio and Alvarenga, Beatriz},
  volume  = {3},
  journal = {2{\textordfeminine} Edi{\c{c}}{\~a}o. S{\~a}o: Scipione},
}

@Book{guimaraes2013fisica,
  title   = {F{\'\i}sica (Vol. 3)},
  year    = {2016},
  author  = {Guimar{\~a}es, O and Piqueira, JR and Carron, W},
  volume  = {3},
  journal = {S{\~a}o Paulo: {\'A}tica},
}

@Book{gonccalves2013fisica,
  title   = {F{\'\i}sica: intera{\c{c}}{\~a}o e tecnologia},
  year    = {2016},
  author  = {Gon{\c{c}}alves Filho, Aurelio and Toscano, Carlos},
  volume  = {3},
  journal = {S{\~a}o Paulo: Leya},
}

@Book{gaspar2011compreendendo,
  title   = {Compreendendo a f{\'\i}sica},
  year    = {2016},
  author  = {Gaspar, Alberto},
  volume  = {3},
  journal = {Editora {\'A}tica},
}

@Book{bonjorno2013fisica,
  title   = {F{\'\i}sica (Vol. 3)},
  year    = {2016},
  author  = {Bonjorno, JR and Clinton, MR and Prado, E and Casemiro, R and Bonjorno, RA},
  volume  = {3},
  journal = {S{\~a}o Paulo: FTD},
}

@PhdThesis{pinheiro2011particulas,
  author = {Pinheiro, Lisiane Ara{\'u}jo},
  title  = {Disserta{\c{c}}{\~a}o de Mestrado - Part{\'\i}culas elementares e intera{\c{c}}{\~o}es fundamentais no Ensino M{\'e}dio},
  year   = {2011},
}

@Article{ostermann2000atualizaccao,
  author  = {OSTERMANN, Fernanda and MOREIRA, Marco Antonio},
  title   = {Atualiza{\c{c}}{\~a}o do curr{\'\i}culo de F{\'\i}sica na escola de n{\'\i}vel m{\'e}dio: um estudo desta problem{\'a}tica na perspectiva de uma experi{\^e}ncia em sala de aula e da forma{\c{c}}{\~a}o inicial de professores. 2000a},
  journal = {Trabalho apresentado no VII Encontro de Pesquisa em Ensino de F{\'\i}sica, Florian{\'o}polis},
  year    = {2000},
}

@TechReport{ander1978introduccion,
  author = {Ander-Egg, Ezequiel},
  title  = {Introducci{\'o}n a las t{\'e}cnicas de investigaci{\'o}n social para trabajadores sociales},
  year   = {1978},
}

@PhdThesis{cavalcante2013pnldfisica,
  author = {Cavalcate, Anderson Brasil Silva},
  title  = {Disserta{\c{c}}{\~a}o de Mestrado - ENERGIA NUCLEAR NO ENSINO M{\'E}DIO: uma an{\'a}lise dos livros did{\'a}ticos de F{\'i}sica dos programas PNLEM 2007 e PNLD 2012 no Ensino M{\'e}dio},
  year   = {2013},
}

@Book{biscuola2010fisica,
  title   = {F{\'\i}sica 3},
  year    = {2016},
  author  = {Biscuola, Gualter Jos{\'e} and Boas, Newton V and Doca, Ricardo Helou},
  volume  = {3},
  journal = {S{\~a}o Paulo: Saraiva},
}

@Article{pereira2013ensino,
  author  = {PEREIRA, JM and LONDERO, L},
  title   = {O ensino de part{\'\i}culas elementares por meio da leitura de ?Alice no Pa{\'\i}s do Quantum?},
  journal = {SIMP{\'O}SIO NACIONAL DE ENSINO DE F{\'I}SICA, XX},
  year    = {2013},
}

@Article{siqueira2011fisica,
  author  = {Siqueira, M and Pietrocola, M},
  title   = {Como a f{\'\i}sica de part{\'\i}culas elementares pode contribuir para o Ensino B{\'a}sico},
  journal = {O que s{\~a}o quarks, gl{\'u}ons, b{\'o}sons de Higgs, buracos negros e outras coisas estranhas},
  year    = {2011},
  pages   = {263--284},
}

@PhdThesis{Pinheiro2011,
  author = {Pinheiro, Lisiane Araujo},
  title  = {Part{\'\i}culas Elementares e Intera{\c{c}}{\~o}es Fundamentais no Ensino M{\'e}dio. 313f},
  school = {Disserta{\c{c}}{\~a}o (Mestrado Profissional em Ensino de F{\'\i}sica)--Universidade Federal do Rio Grande do Sul, Porto Alegre},
  year   = {2011},
}

@PhdThesis{balthazar2010particulas,
  author  = {BALTHAZAR, WAGNER FRANKLIN},
  title   = {Part{\'\i}culas Elementares no Ensino M{\'e}dio: uma abordagem a partir do LHC},
  year    = {2010},
  journal = {S{\~a}o Paulo: Editora Livraria da F{\'\i}sica: Rio de Janeiro: CBPF--Centro Brasileiro de Pesquisas F{\'\i}sicas (Cole{\c{c}}{\~a}o T{\'o}picos em F{\'\i}sica)},
}

@PhdThesis{Siqueira2006,
  author  = {Siqueira, Maxwell and Pietrocola, Maur{\'\i}cio},
  title   = {A Transposi{\c{c}}{\~a}o Did{\'a}tica aplicada a teoria contempor{\^a}nea: A F{\'\i}sica de Part{\'\i}culas elementares no Ensino M{\'e}dio},
  year    = {2006},
  journal = {X Encontro de Pesquisa em Ensino de F{\'\i}sica, Londrina},
}

@Article{siqueira2006visivel,
  author  = {SIQUEIRA, Maxwell},
  title   = {Do vis{\'\i}vel ao indivis{\'\i}vel: uma proposta de F{\'\i}sica de Part{\'\i}culas Elementares para o Ensino M{\'e}dio},
  journal = {S{\~a}o Paulo: IF/FE USP},
  year    = {2006},
}

@Book{abdalla2006discreto,
  title     = {O discreto charme das part{\'\i}culas elementares.},
  publisher = {Unesp},
  year      = {2006},
  author    = {Abdalla, Maria Cristina Batoni},
}

@Comment{jabref-meta: databaseType:bibtex;}
